<collection xmlns="http://www.loc.gov/MARC21/slim">
<record>
  <leader>00881nam0a2200169 i 450 </leader>
  <controlfield tag="001">IT\ICCU\CNCE\013211</controlfield>
  <controlfield tag="005">20110613000000.0</controlfield>
  <datafield tag="100" ind1=" " ind2=" ">
    <subfield code="a">19970101f1554        0itac0103    ba</subfield>
  </datafield>
  <datafield tag="101" ind1=" " ind2=" ">
    <subfield code="a">ITA</subfield>
  </datafield>
  <datafield tag="102" ind1=" " ind2=" ">
    <subfield code="a">IT</subfield>
  </datafield>
  <datafield tag="200" ind1="1" ind2=" ">
    <subfield code="a">Copia d&apos;vna lettera scritta all&apos;illustriss. s. Francesco Tauerna grancanz. etc. da uno gentil&apos;huomo della corte del sereniss. re di Spagna da Vincestre alli 25. di giulio del feliciss. uiaggio in Inghilterra, &amp; delli sponsalitii fatti con quella sereniss. regina. Con la nota di sig. spagnuoli uestiti de diuersi rechami bellissimi et ricchissimi, &amp; lor liuree, cose dignissime da essere intese</subfield>
  </datafield>
  <datafield tag="210" ind1=" " ind2=" ">
    <subfield code="a">In Milano</subfield>
    <subfield code="c">dalla stampa de i Moscheni</subfield>
    <subfield code="d">\1554!</subfield>
  </datafield>
  <datafield tag="215" ind1=" " ind2=" ">
    <subfield code="a">\6! c.</subfield>
    <subfield code="d">4ʻ</subfield>
  </datafield>
  <datafield tag="620" ind1=" " ind2=" ">
    <subfield code="a">IT</subfield>
    <subfield code="d">Milano</subfield>
  </datafield>
  <datafield tag="712" ind1="0" ind2="0">
    <subfield code="a">Moscheni, Francesco &amp; Moscheni, Simone</subfield>
    <subfield code="3">IT\ICCU\CNCT\000395</subfield>
    <subfield code="4">650</subfield>
  </datafield>
  <datafield tag="801" ind1=" " ind2="3">
    <subfield code="a">IT</subfield>
    <subfield code="b">ICCU</subfield>
    <subfield code="c">20201114</subfield>
  </datafield>
  <datafield tag="899" ind1=" " ind2=" ">
    <subfield code="a">Biblioteca Palatina. Parma</subfield>
    <subfield code="1">PR0072</subfield>
    <subfield code="2">PAR PA</subfield>
  </datafield>
</record>
</collection>
